
@proceedings{allProjInt16,
  title     = {Recueil des projets intégrés de l'année},
  year      = 2016,
  volume    = 1,
  series    = {Best sellers du DI},
  publisher = {ENS de Lyon},
  editor    = {Eddy Caron}
}

@article{DBLP:journals/cacm/Landin66,
  author    = {Peter J. Landin},
  title     = {The next 700 programming languages},
  journal   = {Commun. {ACM}},
  volume    = {9},
  number    = {3},
  pages     = {157--166},
  year      = {1966},
  url       = {https://doi.org/10.1145/365230.365257},
  doi       = {10.1145/365230.365257},
  timestamp = {Wed, 14 Nov 2018 10:22:35 +0100},
  biburl    = {https://dblp.org/rec/journals/cacm/Landin66.bib},
  bibsource = {dblp computer science bibliography, https://dblp.org}
}

@article{MALLYE2008187,
    title = {Accumulations osseuses en périphérie de terriers de petits carnivores : les stigmates de prédation et de fréquentation},
    journal = {Annales de Paléontologie},
    volume = {94},
    number = {3},
    pages = {187-208},
    year = {2008},
    issn = {0753-3969},
    doi = {https://doi.org/10.1016/j.annpal.2008.06.002},
    url = {https://www.sciencedirect.com/science/article/pii/S0753396908000402},
    author = {Jean-Baptiste Mallye and David Cochard and Véronique Laroulandie}
}
