
@proceedings{allProjInt16,
  title     = {Recueil des projets intégrés de l'année},
  year      = 2016,
  volume    = 1,
  series    = {Best sellers du DI},
  publisher = {ENS de Lyon},
  editor    = {Eddy Caron}
}

@article{DBLP:journals/cacm/Landin66,
  author    = {Peter J. Landin},
  title     = {The next 700 programming languages},
  journal   = {Commun. {ACM}},
  volume    = {9},
  number    = {3},
  pages     = {157--166},
  year      = {1966},
  url       = {https://doi.org/10.1145/365230.365257},
  doi       = {10.1145/365230.365257},
  timestamp = {Wed, 14 Nov 2018 10:22:35 +0100},
  biburl    = {https://dblp.org/rec/journals/cacm/Landin66.bib},
  bibsource = {dblp computer science bibliography, https://dblp.org}
}

@article{HIRSCHKOFF,
  author    = {Daniel Hirshkoff},
  title     = {Commentaire rendu 3},
  journal   = {par mail},
  year      = {2021},
  timestamp = {Wed, 14 Nov 2018 10:22:35}
}

